<?xml version="1.0" encoding="UTF-8"?><collection xmlns="http://www.loc.gov/MARC21/slim"><record><leader>00371nam--2200133-i-4500</leader><controlfield tag="001">000016803</controlfield><controlfield tag="002">20161230</controlfield><controlfield tag="005">20161230201032</controlfield><controlfield tag="008">060222s1000------------r-----000-0-eng-d</controlfield><datafield ind1=" " ind2=" " tag="080"><subfield code="a">547(076)</subfield></datafield><datafield ind1=" " ind2=" " tag="100"><subfield code="a">Badea, Florin Si Schiketanz, Iosif</subfield></datafield><datafield ind1=" " ind2=" " tag="245"><subfield code="a">Chimie organica prin probleme</subfield></datafield><datafield ind1=" " ind2=" " tag="260"><subfield code="a">Bucuresti, Editura Stiintifica Si Enciclopedic A, 1989. 360 P</subfield></datafield><datafield ind1=" " ind2=" " tag="852"><subfield code="a">74990</subfield></datafield></record></collection>